@article{miller1995genetic,
  title={Genetic algorithms, tournament selection, and the effects of noise},
  author={Miller, Brad L and Goldberg, David E},
  journal={Complex Systems},
  volume={9},
  number={3},
  pages={193--212},
  year={1995},
  publisher={[Champaign, IL, USA: Complex Systems Publications, Inc., c1987-}
}

@article{MIM,
   title={An Introduction to Genetic Algorithms and Evolution Strategies},
   author={Mehrdad Dianati, Insop Song, and Mark Treiber}
}

@article{Geijtenbeek2013,
  title={Flexible Muscle-Based Locomotion for Bipedal Creatures},
  author={Thomas Geijtenbeek and Michiel van de Panne and A. Frank van der Stappen},
  journal={ACM Transactions on Graphics},
  year={2013},
  volume = {32},
  number = {6},
  publisher={ACM SIGGRAPH}
}
